@misc{website,
  title= {http://www.michael-noll.com/tutorials/writing-an-hadoop-mapreduce-program-in-python/},
  author= {Michael G. Noll},
  year= {2011},
}